%YAML 1.1
%TAG !u! tag:unity3d.com,2011:
--- !u!1 &5058887815697182555
GameObject:
  m_ObjectHideFlags: 0
  m_CorrespondingSourceObject: {fileID: 0}
  m_PrefabInstance: {fileID: 0}
  m_PrefabAsset: {fileID: 0}
  serializedVersion: 6
  m_Component:
  - component: {fileID: 5058887815697182554}
  - component: {fileID: 2458237169025769319}
  - component: {fileID: 3001248051046815410}
  - component: {fileID: 6553641119019760672}
  - component: {fileID: 7620313224367678195}
  m_Layer: 0
  m_Name: Wheat
  m_TagString: Untagged
  m_Icon: {fileID: 0}
  m_NavMeshLayer: 0
  m_StaticEditorFlags: 0
  m_IsActive: 1
--- !u!4 &5058887815697182554
Transform:
  m_ObjectHideFlags: 0
  m_CorrespondingSourceObject: {fileID: 0}
  m_PrefabInstance: {fileID: 0}
  m_PrefabAsset: {fileID: 0}
  m_GameObject: {fileID: 5058887815697182555}
  m_LocalRotation: {x: 0, y: 0, z: 0, w: 1}
  m_LocalPosition: {x: 0, y: 0, z: 0}
  m_LocalScale: {x: 1, y: 1, z: 1}
  m_Children:
  - {fileID: 875313445887139087}
  - {fileID: 3342193868831685714}
  m_Father: {fileID: 0}
  m_RootOrder: 0
  m_LocalEulerAnglesHint: {x: 0, y: 0, z: 0}
--- !u!114 &2458237169025769319
MonoBehaviour:
  m_ObjectHideFlags: 0
  m_CorrespondingSourceObject: {fileID: 0}
  m_PrefabInstance: {fileID: 0}
  m_PrefabAsset: {fileID: 0}
  m_GameObject: {fileID: 5058887815697182555}
  m_Enabled: 1
  m_EditorHideFlags: 0
  m_Script: {fileID: 11500000, guid: 89553387169d08d43ac3ce33bda0dde5, type: 3}
  m_Name: 
  m_EditorClassIdentifier: 
  m_Holder: {fileID: 3001248051046815410}
--- !u!114 &3001248051046815410
MonoBehaviour:
  m_ObjectHideFlags: 0
  m_CorrespondingSourceObject: {fileID: 0}
  m_PrefabInstance: {fileID: 0}
  m_PrefabAsset: {fileID: 0}
  m_GameObject: {fileID: 5058887815697182555}
  m_Enabled: 1
  m_EditorHideFlags: 0
  m_Script: {fileID: 11500000, guid: ffc8e5d9624b1ba43a31ebed6f54673f, type: 3}
  m_Name: 
  m_EditorClassIdentifier: 
  type: {fileID: 11400000, guid: 6b4c9b86421553a48b0e7a88046e6d26, type: 2}
  m_Wheat: {fileID: 0}
  m_Sr: {fileID: 1692106639896418342}
--- !u!61 &6553641119019760672
BoxCollider2D:
  m_ObjectHideFlags: 0
  m_CorrespondingSourceObject: {fileID: 0}
  m_PrefabInstance: {fileID: 0}
  m_PrefabAsset: {fileID: 0}
  m_GameObject: {fileID: 5058887815697182555}
  m_Enabled: 1
  m_Density: 1
  m_Material: {fileID: 0}
  m_IsTrigger: 0
  m_UsedByEffector: 0
  m_UsedByComposite: 0
  m_Offset: {x: -0.013198376, y: 0.07825118}
  m_SpriteTilingProperty:
    border: {x: 0, y: 0, z: 0, w: 0}
    pivot: {x: 0.5, y: 0.5}
    oldSize: {x: 8.55, y: 8.57}
    newSize: {x: 10, y: 5.13}
    adaptiveTilingThreshold: 0.5
    drawMode: 0
    adaptiveTiling: 0
  m_AutoTiling: 0
  serializedVersion: 2
  m_Size: {x: 3.3172207, y: 2.5609946}
  m_EdgeRadius: 0
--- !u!114 &7620313224367678195
MonoBehaviour:
  m_ObjectHideFlags: 0
  m_CorrespondingSourceObject: {fileID: 0}
  m_PrefabInstance: {fileID: 0}
  m_PrefabAsset: {fileID: 0}
  m_GameObject: {fileID: 5058887815697182555}
  m_Enabled: 1
  m_EditorHideFlags: 0
  m_Script: {fileID: 11500000, guid: 89553387169d08d43ac3ce33bda0dde5, type: 3}
  m_Name: 
  m_EditorClassIdentifier: 
  m_Holder: {fileID: 3001248051046815410}
--- !u!1 &6866075960779456185
GameObject:
  m_ObjectHideFlags: 0
  m_CorrespondingSourceObject: {fileID: 0}
  m_PrefabInstance: {fileID: 0}
  m_PrefabAsset: {fileID: 0}
  serializedVersion: 6
  m_Component:
  - component: {fileID: 875313445887139087}
  - component: {fileID: 1692106639896418342}
  m_Layer: 0
  m_Name: Sprite
  m_TagString: Untagged
  m_Icon: {fileID: 0}
  m_NavMeshLayer: 0
  m_StaticEditorFlags: 0
  m_IsActive: 1
--- !u!4 &875313445887139087
Transform:
  m_ObjectHideFlags: 0
  m_CorrespondingSourceObject: {fileID: 0}
  m_PrefabInstance: {fileID: 0}
  m_PrefabAsset: {fileID: 0}
  m_GameObject: {fileID: 6866075960779456185}
  m_LocalRotation: {x: 0, y: 0, z: 0, w: 1}
  m_LocalPosition: {x: 0, y: 0, z: 0}
  m_LocalScale: {x: 1, y: 1, z: 1}
  m_Children: []
  m_Father: {fileID: 5058887815697182554}
  m_RootOrder: 0
  m_LocalEulerAnglesHint: {x: 0, y: 0, z: 0}
--- !u!212 &1692106639896418342
SpriteRenderer:
  m_ObjectHideFlags: 0
  m_CorrespondingSourceObject: {fileID: 0}
  m_PrefabInstance: {fileID: 0}
  m_PrefabAsset: {fileID: 0}
  m_GameObject: {fileID: 6866075960779456185}
  m_Enabled: 1
  m_CastShadows: 0
  m_ReceiveShadows: 0
  m_DynamicOccludee: 1
  m_MotionVectors: 1
  m_LightProbeUsage: 1
  m_ReflectionProbeUsage: 1
  m_RayTracingMode: 0
  m_RayTraceProcedural: 0
  m_RenderingLayerMask: 1
  m_RendererPriority: 0
  m_Materials:
  - {fileID: 2100000, guid: a97c105638bdf8b4a8650670310a4cd3, type: 2}
  m_StaticBatchInfo:
    firstSubMesh: 0
    subMeshCount: 0
  m_StaticBatchRoot: {fileID: 0}
  m_ProbeAnchor: {fileID: 0}
  m_LightProbeVolumeOverride: {fileID: 0}
  m_ScaleInLightmap: 1
  m_ReceiveGI: 1
  m_PreserveUVs: 0
  m_IgnoreNormalsForChartDetection: 0
  m_ImportantGI: 0
  m_StitchLightmapSeams: 1
  m_SelectedEditorRenderState: 0
  m_MinimumChartSize: 4
  m_AutoUVMaxDistance: 0.5
  m_AutoUVMaxAngle: 89
  m_LightmapParameters: {fileID: 0}
  m_SortingLayerID: 1535886793
  m_SortingLayer: 3
  m_SortingOrder: 0
  m_Sprite: {fileID: 21300000, guid: c49092deba95f6a40811066dd3cc0f4d, type: 3}
  m_Color: {r: 1, g: 1, b: 1, a: 1}
  m_FlipX: 0
  m_FlipY: 0
  m_DrawMode: 0
  m_Size: {x: 1, y: 1}
  m_AdaptiveModeThreshold: 0.5
  m_SpriteTileMode: 0
  m_WasSpriteAssigned: 1
  m_MaskInteraction: 0
  m_SpriteSortPoint: 0
--- !u!1001 &7515769343383345385
PrefabInstance:
  m_ObjectHideFlags: 0
  serializedVersion: 2
  m_Modification:
    m_TransformParent: {fileID: 5058887815697182554}
    m_Modifications:
    - target: {fileID: 3894641475406240252, guid: e3d6bc81879a349479c12e47d21f89e8, type: 3}
      propertyPath: m_ResourceGenerator
      value: 
      objectReference: {fileID: 2458237169025769319}
    - target: {fileID: 5056623156021724494, guid: e3d6bc81879a349479c12e47d21f89e8, type: 3}
      propertyPath: m_LocalScale.x
      value: 0.3
      objectReference: {fileID: 0}
    - target: {fileID: 5056623156021724494, guid: e3d6bc81879a349479c12e47d21f89e8, type: 3}
      propertyPath: m_LocalScale.y
      value: 0.3
      objectReference: {fileID: 0}
    - target: {fileID: 5056623156021724494, guid: e3d6bc81879a349479c12e47d21f89e8, type: 3}
      propertyPath: m_LocalScale.z
      value: 0.3
      objectReference: {fileID: 0}
    - target: {fileID: 5056623156021724494, guid: e3d6bc81879a349479c12e47d21f89e8, type: 3}
      propertyPath: m_LocalPosition.x
      value: -0.5
      objectReference: {fileID: 0}
    - target: {fileID: 5056623156021724494, guid: e3d6bc81879a349479c12e47d21f89e8, type: 3}
      propertyPath: m_LocalPosition.y
      value: 0.08
      objectReference: {fileID: 0}
    - target: {fileID: 5056623156021724495, guid: e3d6bc81879a349479c12e47d21f89e8, type: 3}
      propertyPath: m_Sprite
      value: 
      objectReference: {fileID: 21300000, guid: 42acc4232c409874aa70de2722a0dfbc, type: 3}
    - target: {fileID: 5056623157403837626, guid: e3d6bc81879a349479c12e47d21f89e8, type: 3}
      propertyPath: m_Name
      value: ResourceGeneratorOverlay
      objectReference: {fileID: 0}
    - target: {fileID: 5056623157403837627, guid: e3d6bc81879a349479c12e47d21f89e8, type: 3}
      propertyPath: m_RootOrder
      value: 1
      objectReference: {fileID: 0}
    - target: {fileID: 5056623157403837627, guid: e3d6bc81879a349479c12e47d21f89e8, type: 3}
      propertyPath: m_LocalPosition.x
      value: 0
      objectReference: {fileID: 0}
    - target: {fileID: 5056623157403837627, guid: e3d6bc81879a349479c12e47d21f89e8, type: 3}
      propertyPath: m_LocalPosition.y
      value: -1.69
      objectReference: {fileID: 0}
    - target: {fileID: 5056623157403837627, guid: e3d6bc81879a349479c12e47d21f89e8, type: 3}
      propertyPath: m_LocalPosition.z
      value: 0
      objectReference: {fileID: 0}
    - target: {fileID: 5056623157403837627, guid: e3d6bc81879a349479c12e47d21f89e8, type: 3}
      propertyPath: m_LocalRotation.w
      value: 1
      objectReference: {fileID: 0}
    - target: {fileID: 5056623157403837627, guid: e3d6bc81879a349479c12e47d21f89e8, type: 3}
      propertyPath: m_LocalRotation.x
      value: 0
      objectReference: {fileID: 0}
    - target: {fileID: 5056623157403837627, guid: e3d6bc81879a349479c12e47d21f89e8, type: 3}
      propertyPath: m_LocalRotation.y
      value: 0
      objectReference: {fileID: 0}
    - target: {fileID: 5056623157403837627, guid: e3d6bc81879a349479c12e47d21f89e8, type: 3}
      propertyPath: m_LocalRotation.z
      value: 0
      objectReference: {fileID: 0}
    - target: {fileID: 5056623157403837627, guid: e3d6bc81879a349479c12e47d21f89e8, type: 3}
      propertyPath: m_LocalEulerAnglesHint.x
      value: 0
      objectReference: {fileID: 0}
    - target: {fileID: 5056623157403837627, guid: e3d6bc81879a349479c12e47d21f89e8, type: 3}
      propertyPath: m_LocalEulerAnglesHint.y
      value: 0
      objectReference: {fileID: 0}
    - target: {fileID: 5056623157403837627, guid: e3d6bc81879a349479c12e47d21f89e8, type: 3}
      propertyPath: m_LocalEulerAnglesHint.z
      value: 0
      objectReference: {fileID: 0}
    m_RemovedComponents: []
  m_SourcePrefab: {fileID: 100100000, guid: e3d6bc81879a349479c12e47d21f89e8, type: 3}
--- !u!4 &3342193868831685714 stripped
Transform:
  m_CorrespondingSourceObject: {fileID: 5056623157403837627, guid: e3d6bc81879a349479c12e47d21f89e8, type: 3}
  m_PrefabInstance: {fileID: 7515769343383345385}
  m_PrefabAsset: {fileID: 0}
