%YAML 1.1
%TAG !u! tag:unity3d.com,2011:
--- !u!1 &5058887815697182555
GameObject:
  m_ObjectHideFlags: 0
  m_CorrespondingSourceObject: {fileID: 0}
  m_PrefabInstance: {fileID: 0}
  m_PrefabAsset: {fileID: 0}
  serializedVersion: 6
  m_Component:
  - component: {fileID: 5058887815697182554}
  - component: {fileID: 2458237169025769319}
  - component: {fileID: 3001248051046815410}
  - component: {fileID: 2497665827515422353}
  - component: {fileID: 2751951482053919732}
  - component: {fileID: 7559639961965652515}
  m_Layer: 0
  m_Name: GoldHarvester
  m_TagString: Untagged
  m_Icon: {fileID: 0}
  m_NavMeshLayer: 0
  m_StaticEditorFlags: 0
  m_IsActive: 1
--- !u!4 &5058887815697182554
Transform:
  m_ObjectHideFlags: 0
  m_CorrespondingSourceObject: {fileID: 0}
  m_PrefabInstance: {fileID: 0}
  m_PrefabAsset: {fileID: 0}
  m_GameObject: {fileID: 5058887815697182555}
  m_LocalRotation: {x: 0, y: 0, z: 0, w: 1}
  m_LocalPosition: {x: 0, y: 0, z: 0}
  m_LocalScale: {x: 1, y: 1, z: 1}
  m_Children:
  - {fileID: 2817369446924633778}
  - {fileID: 2962867061183641643}
  - {fileID: 394008131385476379}
  m_Father: {fileID: 0}
  m_RootOrder: 0
  m_LocalEulerAnglesHint: {x: 0, y: 0, z: 0}
--- !u!114 &2458237169025769319
MonoBehaviour:
  m_ObjectHideFlags: 0
  m_CorrespondingSourceObject: {fileID: 0}
  m_PrefabInstance: {fileID: 0}
  m_PrefabAsset: {fileID: 0}
  m_GameObject: {fileID: 5058887815697182555}
  m_Enabled: 1
  m_EditorHideFlags: 0
  m_Script: {fileID: 11500000, guid: 89553387169d08d43ac3ce33bda0dde5, type: 3}
  m_Name: 
  m_EditorClassIdentifier: 
  m_Holder: {fileID: 3001248051046815410}
--- !u!114 &3001248051046815410
MonoBehaviour:
  m_ObjectHideFlags: 0
  m_CorrespondingSourceObject: {fileID: 0}
  m_PrefabInstance: {fileID: 0}
  m_PrefabAsset: {fileID: 0}
  m_GameObject: {fileID: 5058887815697182555}
  m_Enabled: 1
  m_EditorHideFlags: 0
  m_Script: {fileID: 11500000, guid: ffc8e5d9624b1ba43a31ebed6f54673f, type: 3}
  m_Name: 
  m_EditorClassIdentifier: 
  type: {fileID: 11400000, guid: d65ba5cef40b3384ab9c1007fbd451b8, type: 2}
--- !u!61 &2497665827515422353
BoxCollider2D:
  m_ObjectHideFlags: 0
  m_CorrespondingSourceObject: {fileID: 0}
  m_PrefabInstance: {fileID: 0}
  m_PrefabAsset: {fileID: 0}
  m_GameObject: {fileID: 5058887815697182555}
  m_Enabled: 1
  m_Density: 1
  m_Material: {fileID: 0}
  m_IsTrigger: 0
  m_UsedByEffector: 0
  m_UsedByComposite: 0
  m_Offset: {x: -0.08950782, y: -0.25439012}
  m_SpriteTilingProperty:
    border: {x: 0, y: 0, z: 0, w: 0}
    pivot: {x: 0, y: 0}
    oldSize: {x: 0, y: 0}
    newSize: {x: 0, y: 0}
    adaptiveTilingThreshold: 0
    drawMode: 0
    adaptiveTiling: 0
  m_AutoTiling: 0
  serializedVersion: 2
  m_Size: {x: 6.078381, y: 4.222275}
  m_EdgeRadius: 0
--- !u!114 &2751951482053919732
MonoBehaviour:
  m_ObjectHideFlags: 0
  m_CorrespondingSourceObject: {fileID: 0}
  m_PrefabInstance: {fileID: 0}
  m_PrefabAsset: {fileID: 0}
  m_GameObject: {fileID: 5058887815697182555}
  m_Enabled: 1
  m_EditorHideFlags: 0
  m_Script: {fileID: 11500000, guid: e5f93e115c8f21c4c89bcd8731871dd5, type: 3}
  m_Name: 
  m_EditorClassIdentifier: 
--- !u!114 &7559639961965652515
MonoBehaviour:
  m_ObjectHideFlags: 0
  m_CorrespondingSourceObject: {fileID: 0}
  m_PrefabInstance: {fileID: 0}
  m_PrefabAsset: {fileID: 0}
  m_GameObject: {fileID: 5058887815697182555}
  m_Enabled: 1
  m_EditorHideFlags: 0
  m_Script: {fileID: 11500000, guid: 55bc27546977f404a9b93ec80c94c4d3, type: 3}
  m_Name: 
  m_EditorClassIdentifier: 
  m_HealthSystem: {fileID: 2751951482053919732}
  m_BuildingTypeHolder: {fileID: 3001248051046815410}
--- !u!1001 &4248982147517887529
PrefabInstance:
  m_ObjectHideFlags: 0
  serializedVersion: 2
  m_Modification:
    m_TransformParent: {fileID: 5058887815697182554}
    m_Modifications:
    - target: {fileID: 2156701223262941850, guid: be38c585b36f6194a8bb08b68a0c4302, type: 3}
      propertyPath: m_Name
      value: pfGoldHarvesterVisual
      objectReference: {fileID: 0}
    - target: {fileID: 2156701223262941851, guid: be38c585b36f6194a8bb08b68a0c4302, type: 3}
      propertyPath: m_RootOrder
      value: 0
      objectReference: {fileID: 0}
    - target: {fileID: 2156701223262941851, guid: be38c585b36f6194a8bb08b68a0c4302, type: 3}
      propertyPath: m_LocalPosition.x
      value: 0
      objectReference: {fileID: 0}
    - target: {fileID: 2156701223262941851, guid: be38c585b36f6194a8bb08b68a0c4302, type: 3}
      propertyPath: m_LocalPosition.y
      value: 0
      objectReference: {fileID: 0}
    - target: {fileID: 2156701223262941851, guid: be38c585b36f6194a8bb08b68a0c4302, type: 3}
      propertyPath: m_LocalPosition.z
      value: 0
      objectReference: {fileID: 0}
    - target: {fileID: 2156701223262941851, guid: be38c585b36f6194a8bb08b68a0c4302, type: 3}
      propertyPath: m_LocalRotation.w
      value: 1
      objectReference: {fileID: 0}
    - target: {fileID: 2156701223262941851, guid: be38c585b36f6194a8bb08b68a0c4302, type: 3}
      propertyPath: m_LocalRotation.x
      value: 0
      objectReference: {fileID: 0}
    - target: {fileID: 2156701223262941851, guid: be38c585b36f6194a8bb08b68a0c4302, type: 3}
      propertyPath: m_LocalRotation.y
      value: 0
      objectReference: {fileID: 0}
    - target: {fileID: 2156701223262941851, guid: be38c585b36f6194a8bb08b68a0c4302, type: 3}
      propertyPath: m_LocalRotation.z
      value: 0
      objectReference: {fileID: 0}
    - target: {fileID: 2156701223262941851, guid: be38c585b36f6194a8bb08b68a0c4302, type: 3}
      propertyPath: m_LocalEulerAnglesHint.x
      value: 0
      objectReference: {fileID: 0}
    - target: {fileID: 2156701223262941851, guid: be38c585b36f6194a8bb08b68a0c4302, type: 3}
      propertyPath: m_LocalEulerAnglesHint.y
      value: 0
      objectReference: {fileID: 0}
    - target: {fileID: 2156701223262941851, guid: be38c585b36f6194a8bb08b68a0c4302, type: 3}
      propertyPath: m_LocalEulerAnglesHint.z
      value: 0
      objectReference: {fileID: 0}
    m_RemovedComponents: []
  m_SourcePrefab: {fileID: 100100000, guid: be38c585b36f6194a8bb08b68a0c4302, type: 3}
--- !u!4 &2817369446924633778 stripped
Transform:
  m_CorrespondingSourceObject: {fileID: 2156701223262941851, guid: be38c585b36f6194a8bb08b68a0c4302, type: 3}
  m_PrefabInstance: {fileID: 4248982147517887529}
  m_PrefabAsset: {fileID: 0}
--- !u!1001 &4793042004287650844
PrefabInstance:
  m_ObjectHideFlags: 0
  serializedVersion: 2
  m_Modification:
    m_TransformParent: {fileID: 5058887815697182554}
    m_Modifications:
    - target: {fileID: 5184630533598984448, guid: bdfd910f61ac7a54abd3c2766e734448, type: 3}
      propertyPath: m_HealthSystem
      value: 
      objectReference: {fileID: 2751951482053919732}
    - target: {fileID: 5184630533598984454, guid: bdfd910f61ac7a54abd3c2766e734448, type: 3}
      propertyPath: m_Name
      value: HealthBar
      objectReference: {fileID: 0}
    - target: {fileID: 5184630533598984455, guid: bdfd910f61ac7a54abd3c2766e734448, type: 3}
      propertyPath: m_RootOrder
      value: 2
      objectReference: {fileID: 0}
    - target: {fileID: 5184630533598984455, guid: bdfd910f61ac7a54abd3c2766e734448, type: 3}
      propertyPath: m_LocalPosition.x
      value: 0
      objectReference: {fileID: 0}
    - target: {fileID: 5184630533598984455, guid: bdfd910f61ac7a54abd3c2766e734448, type: 3}
      propertyPath: m_LocalPosition.y
      value: 2.7
      objectReference: {fileID: 0}
    - target: {fileID: 5184630533598984455, guid: bdfd910f61ac7a54abd3c2766e734448, type: 3}
      propertyPath: m_LocalPosition.z
      value: 0
      objectReference: {fileID: 0}
    - target: {fileID: 5184630533598984455, guid: bdfd910f61ac7a54abd3c2766e734448, type: 3}
      propertyPath: m_LocalRotation.w
      value: 1
      objectReference: {fileID: 0}
    - target: {fileID: 5184630533598984455, guid: bdfd910f61ac7a54abd3c2766e734448, type: 3}
      propertyPath: m_LocalRotation.x
      value: 0
      objectReference: {fileID: 0}
    - target: {fileID: 5184630533598984455, guid: bdfd910f61ac7a54abd3c2766e734448, type: 3}
      propertyPath: m_LocalRotation.y
      value: 0
      objectReference: {fileID: 0}
    - target: {fileID: 5184630533598984455, guid: bdfd910f61ac7a54abd3c2766e734448, type: 3}
      propertyPath: m_LocalRotation.z
      value: 0
      objectReference: {fileID: 0}
    - target: {fileID: 5184630533598984455, guid: bdfd910f61ac7a54abd3c2766e734448, type: 3}
      propertyPath: m_LocalEulerAnglesHint.x
      value: 0
      objectReference: {fileID: 0}
    - target: {fileID: 5184630533598984455, guid: bdfd910f61ac7a54abd3c2766e734448, type: 3}
      propertyPath: m_LocalEulerAnglesHint.y
      value: 0
      objectReference: {fileID: 0}
    - target: {fileID: 5184630533598984455, guid: bdfd910f61ac7a54abd3c2766e734448, type: 3}
      propertyPath: m_LocalEulerAnglesHint.z
      value: 0
      objectReference: {fileID: 0}
    m_RemovedComponents: []
  m_SourcePrefab: {fileID: 100100000, guid: bdfd910f61ac7a54abd3c2766e734448, type: 3}
--- !u!4 &394008131385476379 stripped
Transform:
  m_CorrespondingSourceObject: {fileID: 5184630533598984455, guid: bdfd910f61ac7a54abd3c2766e734448, type: 3}
  m_PrefabInstance: {fileID: 4793042004287650844}
  m_PrefabAsset: {fileID: 0}
--- !u!1001 &8012620741593767056
PrefabInstance:
  m_ObjectHideFlags: 0
  serializedVersion: 2
  m_Modification:
    m_TransformParent: {fileID: 5058887815697182554}
    m_Modifications:
    - target: {fileID: 3894641475406240252, guid: e3d6bc81879a349479c12e47d21f89e8, type: 3}
      propertyPath: m_ResourceGenerator
      value: 
      objectReference: {fileID: 2458237169025769319}
    - target: {fileID: 5056623157403837626, guid: e3d6bc81879a349479c12e47d21f89e8, type: 3}
      propertyPath: m_Name
      value: ResourceGeneratorOverlay
      objectReference: {fileID: 0}
    - target: {fileID: 5056623157403837627, guid: e3d6bc81879a349479c12e47d21f89e8, type: 3}
      propertyPath: m_RootOrder
      value: 1
      objectReference: {fileID: 0}
    - target: {fileID: 5056623157403837627, guid: e3d6bc81879a349479c12e47d21f89e8, type: 3}
      propertyPath: m_LocalPosition.x
      value: 0
      objectReference: {fileID: 0}
    - target: {fileID: 5056623157403837627, guid: e3d6bc81879a349479c12e47d21f89e8, type: 3}
      propertyPath: m_LocalPosition.y
      value: -2.82
      objectReference: {fileID: 0}
    - target: {fileID: 5056623157403837627, guid: e3d6bc81879a349479c12e47d21f89e8, type: 3}
      propertyPath: m_LocalPosition.z
      value: 0
      objectReference: {fileID: 0}
    - target: {fileID: 5056623157403837627, guid: e3d6bc81879a349479c12e47d21f89e8, type: 3}
      propertyPath: m_LocalRotation.w
      value: 1
      objectReference: {fileID: 0}
    - target: {fileID: 5056623157403837627, guid: e3d6bc81879a349479c12e47d21f89e8, type: 3}
      propertyPath: m_LocalRotation.x
      value: 0
      objectReference: {fileID: 0}
    - target: {fileID: 5056623157403837627, guid: e3d6bc81879a349479c12e47d21f89e8, type: 3}
      propertyPath: m_LocalRotation.y
      value: 0
      objectReference: {fileID: 0}
    - target: {fileID: 5056623157403837627, guid: e3d6bc81879a349479c12e47d21f89e8, type: 3}
      propertyPath: m_LocalRotation.z
      value: 0
      objectReference: {fileID: 0}
    - target: {fileID: 5056623157403837627, guid: e3d6bc81879a349479c12e47d21f89e8, type: 3}
      propertyPath: m_LocalEulerAnglesHint.x
      value: 0
      objectReference: {fileID: 0}
    - target: {fileID: 5056623157403837627, guid: e3d6bc81879a349479c12e47d21f89e8, type: 3}
      propertyPath: m_LocalEulerAnglesHint.y
      value: 0
      objectReference: {fileID: 0}
    - target: {fileID: 5056623157403837627, guid: e3d6bc81879a349479c12e47d21f89e8, type: 3}
      propertyPath: m_LocalEulerAnglesHint.z
      value: 0
      objectReference: {fileID: 0}
    m_RemovedComponents: []
  m_SourcePrefab: {fileID: 100100000, guid: e3d6bc81879a349479c12e47d21f89e8, type: 3}
--- !u!4 &2962867061183641643 stripped
Transform:
  m_CorrespondingSourceObject: {fileID: 5056623157403837627, guid: e3d6bc81879a349479c12e47d21f89e8, type: 3}
  m_PrefabInstance: {fileID: 8012620741593767056}
  m_PrefabAsset: {fileID: 0}
